<collection xmlns="http://www.loc.gov/MARC21/slim"><record><leader>00670nam  2200205   450</leader><controlfield tag="001">191</controlfield><controlfield tag="003">http://montalegre.opacnet.com/OPAC/default.aspx?ContentAreaControl=ShowRegHoldings.ascx&amp;RegNo=16662</controlfield><datafield tag="095" ind1=" " ind2=" "><subfield code="a">PTBN00116042</subfield></datafield><datafield tag="100" ind1=" " ind2=" "><subfield code="a">19850201d1984    km y0pora010305  ba</subfield></datafield><datafield tag="101" ind1="1" ind2=" "><subfield code="a">por</subfield></datafield><datafield tag="102" ind1=" " ind2=" "><subfield code="a">PT</subfield></datafield><datafield tag="200" ind1="1" ind2=" "><subfield code="a">Á beira do abismo</subfield><subfield code="f">Raymond Chandler</subfield><subfield code="g">trad. B. de Carvalho</subfield></datafield><datafield tag="210" ind1=" " ind2=" "><subfield code="a">Lisboa</subfield><subfield code="c">Vega</subfield><subfield code="d">cop. 1984</subfield></datafield><datafield tag="215" ind1=" " ind2=" "><subfield code="a">235 p.</subfield><subfield code="d">18 cm</subfield></datafield><datafield tag="225" ind1="2" ind2=" "><subfield code="a">Contemporâneos de sempre</subfield><subfield code="v">4</subfield></datafield><datafield tag="675" ind1=" " ind2=" "><subfield code="a">821</subfield><subfield code="v">bn</subfield><subfield code="z">por</subfield></datafield><datafield tag="700" ind1=" " ind2="1"><subfield code="a">Chandler</subfield><subfield code="b">Raymond</subfield><subfield code="f">1888-1959</subfield></datafield><datafield tag="702" ind1=" " ind2="1"><subfield code="a">Carvalho</subfield><subfield code="b">Baptista de</subfield><subfield code="4">730</subfield></datafield><datafield tag="801" ind1=" " ind2="0"><subfield code="a">PT</subfield><subfield code="b">Biblioteca Municipal de Montalegre</subfield><subfield code="g">RPC</subfield></datafield><datafield tag="856" ind1=" " ind2=" "><subfield code="u">locateMedia.asp?cod=20060510100402&amp;ext=jpg</subfield><subfield code="z">CAPA</subfield></datafield><datafield tag="909" ind1="&#9;" ind2=" "><subfield code="a">1</subfield></datafield><datafield tag="966" ind1=" " ind2=" "><subfield code="a">0008598</subfield><subfield code="l">BMM</subfield><subfield code="s">SCG 821 CHA bei 4</subfield></datafield></record></collection>